% This file was created with JabRef 2.9.2.
% Encoding: utf8

@BOOK{guk_1999,
  title = {Процессоры  Pentium  II,  Pentium  Pro  и просто  Pentium},
  publisher = {Питер Ком},
  year = {1999},
  author = {М. Гук},
  pages = {288},
  owner = {mstyura},
  timestamp = {2013.02.20},
  language = {russian}
}

@BOOK{kulezin_2004,
  title = {Современные семейства ПЛИС фирмы Xilinx : справ. пособие},
  publisher = {Горячая линия–Телеком},
  year = {2004},
  author = {М. О. Кузелин and Д. А. Кнышев and В. Ю. Зотов},
  pages = {440},
  address = {М},
  owner = {mstyura},
  timestamp = {2013.02.20},
  language = {russian}
}

@BOOK{Morozov_2011,
  title = {Подготовка документов в издательской системе Латех},
  publisher = {ЯрГУ им. П.Г. Демидова},
  year = {2011},
  author = {Д.К. Морозов and А.Я. Пархоменко},
  owner = {mstyura},
  timestamp = {2013.02.20},
  language = {russian}
}

