% This file was created with JabRef 2.9.2.
% Encoding: Cp1251

@BOOK{Morozov_2011,
  title = {Подготовка документов в издательской системе Латех},
  publisher = {ЯрГУ им. П.Г. Демидова},
  year = {2011},
  author = {Д.К. Морозов and А.Я. Пархоменко},
  owner = {mstyura},
  timestamp = {2013.02.20}
}

